<?xml version="1.0" encoding="UTF-8"?><collection xmlns="http://www.loc.gov/MARC21/slim"><record><leader>00623nam--2200133-i-4500</leader><controlfield tag="001">000009699</controlfield><controlfield tag="002">20161230</controlfield><controlfield tag="005">20161230201028</controlfield><controlfield tag="008">060222s1000------------r-----000-0-eng-d</controlfield><datafield ind1=" " ind2=" " tag="245"><subfield code="a">La publicite et l entreprise. seminaire orga- nise par l institut d administration des entre prises de l universite de paris et l associa- tion pour le developpment des etudes de ges- tion des entreprises. sous la direction de ..</subfield></datafield><datafield ind1=" " ind2=" " tag="260"><subfield code="a">Paris, Dunod, 1970 Xii + 112 P</subfield></datafield><datafield ind1=" " ind2=" " tag="490"><subfield code="a">Collection De L Institut D Administation Des Entreprises De L Universite De Paris</subfield></datafield><datafield ind1=" " ind2=" " tag="700"><subfield code="a">Anglade, Bernard Et Carron De La Carriere, B</subfield></datafield><datafield ind1=" " ind2=" " tag="852"><subfield code="a">34979</subfield></datafield></record></collection>